@misc{1,
	author = {T. b Kute},
	title = {MITU Skillologies – Artificial Intelligence, Data Science Training and Development – Open Source Technocrats: Artificial Intelligence, Data Science, Machine Learning, Training in Pune, Maharashtra, India},
	year = {2025},
	note = {Accedido el 11 de marzo de 2025. [En línea]. Disponible: \url{https://mitu.co.in/wp-content/uploads/2022/04/8.-Hill-Climbing-Algorithm.pdf}}
}

@article{2,
	author = {Y. C. Yu and S. C. D. You and D. R. Tsai},
	title = {Hill Climbing Algorithm for License Plate Recognition},
	journal = {Adv. Mater. Res.},
	volume = {267},
	pages = {995--1000},
	year = {2011},
	month = {jun},
	note = {Accedido el 20 de marzo de 2025. [En línea]. Disponible: \url{https://doi.org/10.4028/www.scientific.net/amr.267.995}}
}

@article{3,
	author = {K. Jeya Prakash and P. Sivakumar},
	title = {Memetic algorithm based on hill climbing algorithm for IC partitioning},
	journal = {3C Tecnol. Innovacion Apl. Pyme},
	pages = {181--193},
	year = {2020},
	month = {mar},
	note = {Accedido el 20 de marzo de 2025. [En línea]. Disponible: \url{https://doi.org/10.17993/3ctecno.2020.specialissue4.181-193}}
}

@article{4,
	author = {S. M. Goldfeld and R. E. Quandt and H. F. Trotter},
	title = {Maximization by Quadratic Hill-Climbing},
	journal = {Econometrica},
	volume = {34},
	number = {3},
	pages = {541},
	year = {1966},
	month = {jul},
	note = {Accedido el 20 de marzo de 2025. [En línea]. Disponible: \url{https://doi.org/10.2307/1909768}}
}

@article{5,
	author = {L. Si and J. Yu and W. Wu and J. Ma and Q. Wu and S. Li},
	title = {RMHC-MR: Instance selection by random mutation hill climbing algorithm with MapReduce in big data},
	journal = {Procedia Comput. Sci.},
	volume = {111},
	pages = {252--259},
	year = {2017},
	note = {Accedido el 20 de marzo de 2025. [En línea]. Disponible: \url{https://doi.org/10.1016/j.procs.2017.06.061}}
}

@misc{6,
	author = {S. Forrest and M. Mitchell},
	title = {Relative Building-Block Fitness and the Building-Block Hypothesis},
	year = {1995},
	note = {Accedido el 11 de marzo de 2025. [En línea]. Disponible: \url{https://citeseerx.ist.psu.edu/document?repid=rep1\&type=pdf\&doi=e9a14839d7fc56c17082fa14436f46ccec1c6c83}}
}

@misc{cec,
	author    = {{Y. S. Ong, P. N. Suganthan, and T. Weise}},
	title     = {{Definitions of CEC2017 Benchmark Suite}},
	year      = {2017},
	note      = {Accedido el 26 de marzo de 2025. [En línea]. Disponible: \url{ruta/local/o/enlace}}
}

@techreport{plot,
	author    = {Awad, N. H. and Ali, M. Z. and Suganthan, P. N. and Liang, J. J. and Qu, B. Y.},
	title     = {{Problem Definitions and Evaluation Criteria for the CEC 2017 Special Session and Competition on Single Objective Bound Constrained Real-Parameter Numerical Optimization}},
	year      = {2016},
	note      = {Accedido el 26 de marzo de 2025}
}

@misc{git,
	author    = {D. Tilley},
	title     = {{GitHub - tilleyd/cec2017-py: Python module for CEC 2017 single objective optimization test function suite}},
	year      = {2025},
	note      = {Accedido el 26 de marzo de 2025. [En línea]. Disponible: \url{https://github.com/tilleyd/cec2017-py}}
}

