@online{recocido,
	author    = {L. Gavin},
	title     = {Recocido explicado: proceso, tipos y ventajas},
	year      = {2025},
	url       = {https://www.madearia.com/es/blog/annealing-explained-process-types-and-advantages/},
	note      = {Accedido el 6 de abril de 2025},
	publisher = {Aria | Online Manufacturing For On-Demand Custom Services}
}

@online{recocido_2,
	author    = {Alsimet},
	title     = {Tratamientos térmicos: el recocido de metal},
	year      = {2025},
	url       = {https://www.alsimet.es/es/noticias/tratamientos-termicos-el-recocido-de-metal},
	note      = {Accedido el 6 de abril de 2025},
	publisher = {Alsimet | Comercialización de metales férricos y no férricos, corte a medida y acabados}
}

@article{cristal,
	author = {A. T. Brunger},
	title = {Simulated Annealing in Crystallography},
	journal = {Annu. Rev. Physical Chemistry},
	volume = {42},
	number = {1},
	pages = {197--223},
	month = oct,
	year = {1991},
	note = {Accedido el 6 de abril de 2025},
	url = {https://doi.org/10.1146/annurev.pc.42.100191.001213}
}

@article{volcan,
	author = {A. Vesga-Ramírez et al.},
	title = {Simulated Annealing for volcano muography},
	journal = {J. South Amer. Earth Sci.},
	volume = {109},
	pages = {103248},
	month = aug,
	year = {2021},
	note = {Accedido el 6 de abril de 2025},
	url = {https://doi.org/10.1016/j.jsames.2021.103248}
}

@article{reconocimiento,
	author = {L. Huang and C. Yu and H. Zhuang and S. Morgera},
	title = {Biometric fusion by simulated annealing},
	journal = {Int. J. Knowledge-based Intell. Eng. Syst.},
	volume = {16},
	number = {2},
	pages = {87--98},
	month = mar,
	year = {2012},
	note = {Accedido el 6 de abril de 2025},
	url = {https://doi.org/10.3233/kes-2010-0234}
}

@article{spect,
	author = {S. Webb},
	title = {SPECT reconstruction by simulated annealing},
	journal = {Phys. Medicine Biol.},
	volume = {34},
	number = {3},
	pages = {259--281},
	month = mar,
	year = {1989},
	note = {Accedido el 6 de abril de 2025},
	url = {https://doi.org/10.1088/0031-9155/34/3/001}
}
